<?xml version="1.0" encoding="UTF-8"?>
<collection xmlns:xsi="http://www.w3.org/2001/XMLSchema-instance" xsi:schemaLocation="http://www.loc.gov/MARC21/slim http://www.loc.gov/standards/marcxml/schema/MARC21slim.xsd" xmlns="http://www.loc.gov/MARC21/slim">
<record>
  <leader>01177mam a2200253ua 4500</leader>
  <controlfield tag="001">2355190</controlfield>
  <controlfield tag="003">NNC</controlfield>
  <controlfield tag="005">20140922164620.0</controlfield>
  <controlfield tag="008">850321m19101911le            000 0 arard</controlfield>
  <datafield tag="035" ind1=" " ind2=" ">
    <subfield code="a">(OCoLC)ocm23501643</subfield>
  </datafield>
  <datafield tag="035" ind1=" " ind2=" ">
    <subfield code="9">APN4798CU</subfield>
  </datafield>
  <datafield tag="035" ind1=" " ind2=" ">
    <subfield code="a">(NNC)2355190</subfield>
  </datafield>
  <datafield tag="040" ind1=" " ind2=" ">
    <subfield code="a">EYM</subfield>
    <subfield code="c">EYM</subfield>
    <subfield code="d">NNC</subfield>
  </datafield>
  <datafield tag="050" ind1=" " ind2="4">
    <subfield code="a">DS80.95</subfield>
    <subfield code="b">.K45</subfield>
  </datafield>
  <datafield tag="245" ind1="1" ind2="0">
    <subfield code="a">Majmūʻat al-muḥarrarāt al-siyāsīyah :</subfield>
    <subfield code="b">wa-al-mufāwaḍāt al-dawlīyah ʻan Sūrīyā wa-Lubnān min sannat 1840-1910 /</subfield>
    <subfield code="c">taʻrīb Fīlīb wa-Farīd al-Khāzin.</subfield>
  </datafield>
  <datafield tag="260" ind1=" " ind2=" ">
    <subfield code="a">Jūnayh :</subfield>
    <subfield code="b">Maṭbaʻat al-Ṣabr</subfield>
    <subfield code="c">1910-1911.</subfield>
  </datafield>
  <datafield tag="300" ind1=" " ind2=" ">
    <subfield code="a">3 v. ;</subfield>
    <subfield code="c">24 cm.</subfield>
  </datafield>
  <datafield tag="500" ind1=" " ind2=" ">
    <subfield code="a">Cover title: Recueil de documents diplomatiques sur la Syrie et le Liban.</subfield>
  </datafield>
  <datafield tag="500" ind1=" " ind2=" ">
    <subfield code="a">Compiled and tr. from diverse sources.</subfield>
  </datafield>
  <datafield tag="500" ind1=" " ind2=" ">
    <subfield code="a">No more published.</subfield>
  </datafield>
  <datafield tag="505" ind1="0" ind2=" ">
    <subfield code="a">jild 1. Min sanat 1840 ilā sanat 1860 -- jild 2. Min Kānūn al-Thānī sanat 1860 ilā awākhir Tishrīn al-Awwal minhā --jild 3. Min 26 Tishrīn al-Awwal sanat 1860 ilā 5 Ādhār sanat 1861.</subfield>
  </datafield>
  <datafield tag="651" ind1=" " ind2="0">
    <subfield code="a">Syria</subfield>
    <subfield code="x">History</subfield>
    <subfield code="y">1516-1918.</subfield>
  </datafield>
  <datafield tag="651" ind1=" " ind2="0">
    <subfield code="a">Lebanon</subfield>
    <subfield code="x">History</subfield>
    <subfield code="y">1516-1918.</subfield>
  </datafield>
  <datafield tag="740" ind1="0" ind2=" ">
    <subfield code="a">Recueil de documents diplomatiques sur la Syrie et le Liban de 1840 á1861</subfield>
  </datafield>
  <datafield tag="955" ind1=" " ind2=" ">
    <subfield code="b">CU17728126</subfield>
    <subfield code="d">off,glx</subfield>
    <subfield code="e">DS97.5 .K45</subfield>
    <subfield code="v">v.3</subfield>
  </datafield>
</record>
</collection>